% Stand: 4 Bücher, 6 eBooks, 3 Datenblätter, 2 Ref-Manuals, 1 eJournal

% S.123-127 Emittergrundschaltung; S.514-515 OPV
@book{tietzehalbleiter,
  author    = {Ulrich Tietze, Christoph Schenk, Eberhard Gamm},
  title     = {Halbleiter-Schaltungstechnik},
  publisher = {Springer Vieweg},
  address   = {Wiesbaden},
  edition   = {15},
  year      = {2015},
}

@book{vhdlsynth,
  author    = {Jürgen Reichardt, Bernd Schwarz},
  title     = {VHDL-Synthese},
  subtitle  = {Entwurf digitaler Schaltungen und Systeme},
  publisher = {De Gruyter},
  address   = {Oldenburg},
  edition   = {7},
  year      = {2015},
}

%S.12-13 Grundlagen Transistor
@book{leistelek,
  author    = {Gert Hagmann},
  title     = {Leistungselektronik},
  subtitle  = {Grundlagen und Anwendungen in der elektrischen Antriebstechnik},
  publisher = {Aula-Verlag},
  address   = {Wiebelsheim},
  edition   = {5},
  year      = {2015},
}

%S.162-163 nichtinvertierender Verstärker; S.148-149 Emitterschaltung; S.401 Spezielle Operationsverstärker AD847
@book{angewelek,
  author    = {Erwin Böhmer, Dietmar Ehrhardt, Wolfgang Oberschelp},
  title     = {Elemente der angewandten Elektronik},
  subtitle  = {Kompendium für Ausbildung und Beruf},
  publisher = {Vieweg+Teubner},
  address   = {Wiesbaden},
  edition   = {16},
  year      = {2010},
}

%eJournal PNGenerator
@article{pngen,
  title={Design of 8 bit 16 bit and 32 bit LFSR for PN Sequence Generation using VHDL},
  author={Goankar, S},
  journal={Int. J. of Technical Research and Applications},
  number={31},
  pages={305--308},
  year={2015}
}

%eBook vhdl
@book{digtechvhdl,
	author        = {Winfried Gehrke, Marco Winzker},
	title        ={Digitaltechnik},
	subtitle      ={Grundlagen, VHDL, FPGAs, Mikrocontroller},
	edition        ={8},
	medium        ={eBook},
	publisher      ={Springer Vieweg},
	address        ={Berlin, Heidelberg},
	year        ={2022},
}

%datasheet AD847
@misc{ad847,
	author        ={{Analog Devices}},
	title        ={High Speed, Low Power
	Monolithic Op Amp},
	medium        ={Datenblatt},
	address        ={One Technology Way, P.O. Box 9106, Norwood, MA 02062-9106, U.S.A.},
	year        ={2023},
	URL            ={https://www.analog.com/media/en/technical-documentation/data-sheets/ad847.pdf},
	URLDate        ={11.3.2023},
}

%datasheet NegativePowerSupply
@misc{icl7660,
	author        ={{Renesas}},
	title        ={ICL7660, ICL7660A},
	subtitle     ={CMOS Voltage Converters},
	medium        ={Datenblatt},
	address        ={TOYOSU FORESIA, 3-2-24 Toyosu, Koto-ku, Tokyo 135-0061, Japan},
	year        ={2010},
	URL            ={https://www.renesas.com/us/en/document/dst/icl7660-datasheet},
	URLDate        ={11.3.2023},
}

%datasheet BC547
@misc{bc547,
	author        ={{CDIL}},
	title        ={NPN SILICON PLANAR EPITAXIAL TRANSISTORS},
	medium        ={Datenblatt},
	address        ={C-120 Naraina Industrial Area, New Delhi 110 028, India},
	year        ={2012},
	URL            ={https://cdn-reichelt.de/documents/datenblatt/A100/BC546_48-CDIL.pdf},
	URLDate        ={11.3.2023},
}

%reference manual pmod dac
@misc{pmoddac,
	author        ={Digilent},
	title        ={PmodR2R\textsuperscript{TM} Reference Manual},
	medium        ={Datenblatt},
	address        ={1300 Henley Court, Pullman, WA 99163},
	year        ={2016},
	URL            ={https://digilent.com/reference/_media/reference/pmod/pmodr2r/pmodr2r_rm.pdf},
	URLDate        ={11.3.2023},
}

%reference manual basys3
@misc{basys3,
	author        ={Digilent},
	title        ={Basys 3™ FPGA Board Reference Manual},
	medium        ={Datenblatt},
	address        ={1300 Henley Court, Pullman, WA 99163},
	year        ={2016},
	URL            ={https://digilent.com/reference/_media/basys3:basys3_rm.pdf},
	URLDate        ={11.3.2023},
}

%eBook opv
%@book{opv,
%	author        = {Joachim Federau},
%	title        ={Operationsverstärker},
%	subtitle      ={Lehr- und Arbeitsbuch zu angewandten Grundschaltungen},
%	edition        ={7},
%	medium        ={eBook},
%	publisher      ={Springer Vieweg},
%	address        ={Wiesbaden},
%	year        ={2017},
%}

%eBook opv
@misc{opv,
isbn = {9783658163730},
year = {2017},
title = {Operationsverstärker : Lehr- und Arbeitsbuch zu angewandten Grundschaltungen},
edition = {7., erw. u. überarb. Aufl. 2017.},
language = {ger},
author = {Federau, Joachim},
keywords = {Engineering},
}

%eBook Digitaltechnik bissl vhdl
@book{digtechvhdlless,
	author        = {Klaus Fricke},
	title        ={Digitaltechnik},
	subtitle      ={Lehr- und Übungsbuch für Elektrotechniker und Informatiker},
	edition        ={9},
	medium        ={eBook},
	publisher      ={Springer Vieweg},
	address        ={Wiesbaden},
	year        ={2021},
}

%eBook Mikroelektronik NPN; S.252-256 Arbeitspunkteinstellung Emitterschaltung
@book{mikroelek,
	author       ={Massoud Momeni},
	title        ={Grundlagen der Mikroelektronik 1},
	edition      ={},
	medium       ={eBook},
	publisher    ={Springer Vieweg},
	address      ={Berlin, Heidelberg},
	year         ={2021},
}

%eBook Elektroakustik; S.227-229 Emittergrundschaltung
@book{elekakustik,
	author       ={Herbert Bernstein},
	title        ={Elektroakustik},
	subtitle     ={Mikrofone, Klangstufen, Verstärker, Filterschaltungen und Lautsprecher},
	edition      ={2},
	page         ={242},
	medium       ={eBook},
	publisher    ={Springer Vieweg},
	address      ={Wiesbaden},
}

%eBook Formelsammlung; S.194-195 Emittergrundschaltung; S.231 nichtinvertierender OPV
@book{formelsam,
	author       ={Herbert Bernstein},
	title        ={Formelsammlung},
	subtitle     ={Elektrotechnik, Elektronik, Messtechnik, analoge und digitale Elektronik},
	edition      ={2},
	page         ={},
	medium       ={eBook},
	publisher    ={Springer Vieweg},
	address      ={Wiesbaden},
}

%Simulationsmodell
@website{ad847spice,
    key          ={},
    author        ={{Analog Devices}},
    title        ={AD847 SPICE Macro-model},
    booktitle      ={},
    chapter        ={},
    edition        ={},
    editor        ={},
    howpublished    ={},
    institution      ={},
    journal        ={},
    medium        ={Online},
    month        ={},
    note        ={},
    number        ={},
    organization    ={},
    pages        ={},
    publisher      ={},
    address        ={},
    school        ={},
    series        ={},
    type        ={},
    volume        ={},
    year        ={2023},
    URL            ={https://www.analog.com/media/en/simulation-models/spice-models/ad847.cir?modelType=spice-models},
    URLDate        ={23.2.2023},
}

%datasheet RIGOL DG1000Z-series
@misc{rigoldg1000z,
    author        ={{RIGOL}},
    title        ={DG1000Z Series Function/Arbitrary Waveform Generator},
    medium        ={Datenblatt},
    address        ={No.156,Cai He Village, Sha He Town,
    Chang Ping District, Beijing, 102206 P.R.China},
    year        ={2016},
    URL={https://beyondmeasure.rigoltech.com/acton/attachment/1579/f-033c/0/-/-/-/-/file.pdf},
    URLDate        ={26.3.2023},
}

%Masterarbeit
@misc{fpgaembfunc1,
    author        ={Anna Goman},
    title        ={Waveform Generator Implemented in FPGA with an Embedded Processor},
    booktitle      ={},
    chapter        ={},
    edition        ={},
    editor        ={},
    howpublished    ={},
    institution      ={},
    journal        ={},
    medium        ={Master Thesis},
    month        ={},
    note        ={},
    number        ={},
    organization    ={},
    pages        ={},
    publisher      ={},
    address        ={Linköping: Universität Linköping, Division of Electronics Systems, Department of Electrical Engineering},
    school        ={},
    series        ={},
    type        ={},
    volume        ={},
    year        ={2003},
    URL            ={},
    URLDate        ={},
}

%Internetseite
@website{fpgaunterschied,
    key          ={},
    author        ={{Michael Frei}},
    title        ={FPGA und Mikrocontroller - die Mischung machts},
    booktitle      ={},
    chapter        ={},
    edition        ={},
    editor        ={},
    howpublished    ={},
    institution      ={},
    journal        ={},
    medium        ={Online},
    month        ={},
    note        ={},
    number        ={},
    organization    ={},
    pages        ={},
    publisher      ={},
    address        ={},
    school        ={},
    series        ={},
    type        ={},
    volume        ={},
    year        ={2012},
    URL            ={https://www.elektroniknet.de/automation/fpga-und-mikrocontroller-die-mischung-machts.92999.html},
    URLDate        ={08.04.2023},
}

%eBook elektrische Messtechnik, S.113 nichtinvertierender Verstärker
@book{elekmesstechnik,
    author        = {Elmar Schrüfer, Leonhard Reindl, Bernhard Zagar},
    title        ={Elektrische Messtechnik},
    subtitle      ={Messung elektrischer und nichtelektrischer Größen},
    edition        ={11},
    medium        ={eBook},
    publisher      ={Fachbuchverlag Leipzig im Carl Hanser Verlag},
    address        ={München},
    year        ={2014},
    URL            ={},
    URLDate        ={10.4.2023},
}

@INPROCEEDINGS{rotenc,
    author={Negrea, Alin Cornel and Imecs, Maria and Incze, Ioan lov and Pop, Andrei and Szabo, Csaba},
    booktitle={2012 International Conference and Exposition on Electrical and Power Engineering},
    title={Error compensation methods in speed identification using incremental encoder}, 
    year={2012},
    volume={},
    number={},
    pages={441-445},
    doi={10.1109/ICEPE.2012.6463857}
}

%Internetseite
@website{fgkit,
    key          ={},
    author        ={{AK MODUL-BUS Computer GmbH}},
    title        ={Funktionsgenerator-Bausatz [XR2206-KIT]},
    booktitle      ={},
    chapter        ={},
    edition        ={},
    editor        ={},
    howpublished    ={},
    institution      ={},
    journal        ={},
    medium        ={Online},
    month        ={},
    note        ={},
    number        ={},
    organization    ={},
    pages        ={},
    publisher      ={},
    address        ={},
    school        ={},
    series        ={},
    type        ={},
    volume        ={},
    year        ={2023},
    URL            ={https://www.ak-modul-bus.de/stat/funktionsgenerator_bausatz_xr2206_kit,pd0,,XR2206-KIT.html},
    URLDate        ={06.05.2023},
}


%%%%%%%%%% 






@Comment{
  %Buch
  @book{HeSc09,
    author    = {Hesse, Stefan and Schnell, Gerhard},
    title     = {{Sensoren f{\"u}r die Prozess- und Fabrikautomation}},
    publisher = {Vieweg+Teubner},
    address   = {Wiesbaden},
    year      = {2009},
  }

  %Buch
  @book{Ko05a,
    key          ={},
    author        ={Kopka, Helmut},
    title        ={{LaTeX, Band 1: Einf{\"u}hrung}},
    booktitle      ={},
    chapter        ={},
    edition        ={3},
    editor        ={},
    howpublished    ={},
    institution      ={},
    journal        ={},
    medium        ={},
    month        ={},
    note        ={},
    number        ={},
    organization    ={},
    pages        ={},
    publisher      ={Pearson Studium},
    address        ={{M{\"u}nchen}},
    school        ={},
    series        ={},
    type        ={},
    volume        ={},
    year        ={2005},
  }

  %eBook
  @book{Ko05b,
    key          ={},
    author        = {Kopka, Helmut},
    title        ={{LaTeX, Band 1: Einf{\"u}hrung}},
    booktitle      ={},
    chapter        ={},
    edition        ={3},
    editor        ={},
    howpublished    ={},
    institution      ={},
    journal        ={},
    medium        ={eBook},
    month        ={},
    note        ={},
    number        ={},
    organization    ={},
    pages        ={},
    publisher      ={Pearson Studium},
    address        ={{M{\"u}nchen}},
    school        ={},
    series        ={},
    type        ={},
    volume        ={},
    year        ={2005},
    URL            ={http://www.pearson-studium.de},
    URLDate        ={6.7.2011},
  }

  %Buch
  @book{MiGo05,
    key          ={},
    author        ={Goossens, Michel and Mittelbach, Frank and Samarin, Alexander},
    title        ={Der LaTeX Begleiter},
    booktitle      ={},
    chapter        ={},
    edition        ={},
    editor        ={},
    howpublished    ={},
    institution      ={},
    journal        ={},
    medium        ={},
    month        ={},
    note        ={},
    number        ={},
    organization    ={},
    pages        ={},
    publisher      ={Addison-Wesley Deutschland},
    address        ={Bonn},
    school        ={},
    series        ={},
    type        ={},
    volume        ={},
    year        ={2002},
    URL            ={},
    URLDate        ={},
  }

  %Patentschrift
  @patent{An10,
    author        ={Anderson, Noel W.},
    title        ={{Asymmetric stereo vision system}},
    patentnr      ={EU Patent EP2296072},
    year        ={2010},

  }

  %Projektbericht
  @misc{PiMi11,
    key          ={},
    author        ={Piringer, Gerhard and Milovanovic, Goran and Grubmüller, Thomas},
    title        ={Schweißzelle für einen Knickarmroboter},
    booktitle      ={},
    chapter        ={},
    edition        ={},
    editor        ={},
    howpublished    ={},
    institution      ={},
    journal        ={},
    medium        ={Projektbericht},
    month        ={},
    note        ={},
    number        ={},
    organization    ={},
    pages        ={},
    publisher      ={},
    address        ={Wien: FH Technikum Wien, Bachelorstudiengang Mechatronik/Robotik},
    school        ={},
    series        ={},
    type        ={},
    volume        ={},
    year        ={2011},
    URL            ={},
    URLDate        ={},
  }

  %Bachelorarbeit
  @misc{Ba10,
    key          ={},
    author        ={Baldinger, Andreas},
    title        ={Improvement of NAOs speech synthesis and recognition skills},
    booktitle      ={},
    chapter        ={},
    edition        ={},
    editor        ={},
    howpublished    ={},
    institution      ={},
    journal        ={},
    medium        ={Bachelorarbeit},  
    month        ={},
    note        ={},
    number        ={},
    organization    ={1},
    pages        ={},
    publisher      ={},
    address        ={Wien: FH Technikum Wien, Bachelorstudiengang Mechatronik/Robotik},
    school        ={},
    series        ={},
    type        ={},
    volume        ={},
    year        ={2010},
    URL            ={},
    URLDate        ={},
  }

  %Masterarbeit
  @misc{Po10,
    key          ={},
    author        ={Pohn, Johannes},
    title        ={Condition Monitoring Systeme für die zustandorientierte Instandhaltung von Windkraftanlagen},
    booktitle      ={},
    chapter        ={},
    edition        ={},
    editor        ={},
    howpublished    ={},
    institution      ={},
    journal        ={},
    medium        ={Diplomarbeit},
    month        ={},
    note        ={},
    number        ={},
    organization    ={},
    pages        ={},
    publisher      ={},
    address        ={Wien: FH Technikum Wien, Masterstudiengang Innovations- und Technologiemanagement},
    school        ={},
    series        ={},
    type        ={},
    volume        ={},
    year        ={2010},
    URL            ={},
    URLDate        ={},
  }

  %Dissertation
  @misc{Hu11,
    key          ={},
    author        ={Humenberger, Martin},
    title        ={Real-Time Stereo Matching for Embedded Systems in Robotic Applications},
    booktitle      ={},
    chapter        ={},
    edition        ={},
    editor        ={},
    howpublished    ={},
    institution      ={},
    journal        ={},
    medium        ={Dissertation},
    month        ={},
    note        ={},
    number        ={},
    organization    ={},
    pages        ={},
    publisher      ={},
    address        ={Wien: Technische Universit{\"a}t Wien, Fakult{\"a}t für Elektrotechnik und Informationstechnik},
    school        ={},
    series        ={},
    type        ={},
    volume        ={},
    year        ={2011},
    URL            ={},
    URLDate        ={},
  }

  %Journalartikel
  @article{HuZi10,
    key          ={},
    author        ={Humenberger, Martin and Zinner, Christian and Weber, Michael and Kubinger, Wilfried and Vincze, Markus},
    title        ={A fast stereo matching algorithm suitable for embedded real-time systems},
    booktitle      ={},
    chapter        ={},
    edition        ={},
    editor        ={},
    howpublished    ={},
    institution      ={},
    journal        ={Computer Vision and Image Understanding},
    medium        ={},
    month        ={},
    note        ={},
    number        ={11},
    organization    ={},
    pages        ={1180-1202},
    publisher      ={},
    address        ={},
    school        ={},
    series        ={},
    type        ={},
    volume        ={114},
    year        ={2010},
  }

  %eJournal-Artikel
  @article{ZiKu07,
    key          ={},
    author        ={Zinner, Christian and Kubinger, Wilfried and Isaacs, Richard},
    title        ={Pfelib: a performance primitives library for embedded vision},
    booktitle      ={},
    chapter        ={},
    edition        ={},
    editor        ={},
    howpublished    ={},
    institution      ={1},
    journal        ={EURASIP Journal on Embedded Systems},
    medium        ={eJournal},
    month        ={},
    note        ={},
    number        ={},
    organization    ={},
    pages        ={1-14},
    publisher      ={},
    address        ={},
    school        ={},
    series        ={},
    type        ={},
    volume        ={2007},
    year        ={2007},
    URL            ={http://downloads.hindawi.com/journals/es/2007/049051.pdf},
    URLDate        ={6.7.2011},
  }

  %Konferenzbeitrag in Tagungsband
  @inproceedings{HuHa07,
    key          ={},
    author        ={Humenberger, M. and Hartermann, D. and Kubinger, W.},
    title        ={Evaluation of Stereo Matching Systems for Real World Applications Using Structured Light for Ground Truth Estimation},
    booktitle      ={Proceedings of the Tenth IAPR Conference on Machine Vision Applications (MVA2007)},
    chapter        ={},
    date        ={16.-18.~Mai 2007},
    edition        ={},
    editor        ={},
    howpublished    ={},
    institution      ={},
    journal        ={},
    location      ={Tokyo, Japan},
    medium        ={},
    month        ={},
    note        ={},
    number        ={},
    organization    ={},
    pages        ={433-436},
    publisher      ={MVA Conference Committee},
    address        ={},
    school        ={},
    series        ={},
    type        ={},
    volume        ={},
    year        ={2007},
    URL            ={},
    URLDate        ={},
  }

  %Leitfaden
  @misc{ANG10,
    key          ={},
    author        ={{Anglia Ruskin University Library}},
    title        ={Guide to the Harvard Style of Referencing},
    booktitle      ={},
    chapter        ={},
    edition        ={2},
    editor        ={},
    howpublished    ={},
    institution      ={},
    journal        ={},
    medium        ={Leitfaden},
    month        ={},
    note        ={},
    number        ={},
    organization    ={},
    pages        ={},
    publisher      ={},
    address        ={Cambridge, UK: Anglia Ruskin University},
    school        ={},
    series        ={},
    type        ={},
    volume        ={},
    year        ={2010},
    URL            ={http://libweb.anglia.ac.uk},
    URLDate        ={6.7.2011},
  }

  %Leitfaden
  @misc{TeGo14,
    author        ={Teschl, Susanne and G{\"o}schka, Karl Michael and Essl, G{\"u}nter},
    title        ={{Leitfaden zur Verfassung einer Bachelorarbeit oder Master Thesis}},
    booktitle      ={},
    chapter        ={},
    edition        ={3},
    editor        ={},
    howpublished    ={},
    institution      ={},
    journal        ={},
    medium        ={Leitfaden},
    month        ={},
    note        ={},
    number        ={},
    organization    ={},
    pages        ={},
    publisher      ={},
    address        ={FH Technikum Wien},
    school        ={},
    series        ={},
    type        ={},
    volume        ={},
    year        ={2014},
    URL            ={www.technikum-wien.at},
    URLDate        ={4.8.2014}
  }

  %Datenblatt
  @misc{ATM11,
    key          ={},
    author        ={{Atmel Corporation}},
    title        ={Atmel ATmega16 -- 8-bit Microcontroller with 16K Bytes In-System Programmable Flash},
    booktitle      ={},
    chapter        ={},
    edition        ={},
    editor        ={},
    howpublished    ={},
    institution      ={},
    journal        ={},
    medium        ={Datenblatt},
    month        ={},
    note        ={},
    number        ={},
    organization    ={},
    pages        ={},
    publisher      ={},
    address        ={San Jose, United States: Atmel Corporation},
    school        ={},
    series        ={},
    type        ={},
    volume        ={},
    year        ={2011},
    URL            ={http://www.atmel.com/dyn/resources/prod\_documents/doc2466.pdf},
    URLDate        ={6.7.2011},
  }

  %Bild
  @picture{He07,
    key          ={},
    author        ={Hemetsberger, H.},
    title        ={AIT Stereo Sensor im Einsatz während der DARPA Urban Challenge 2007},
    booktitle      ={},
    chapter        ={},
    edition        ={},
    editor        ={},
    howpublished    ={},
    institution      ={},
    journal        ={},
    medium        ={Fotographie},
    month        ={},
    note        ={AIT Austrian Institute of Technology},
    number        ={},
    organization    ={},
    pages        ={},
    publisher      ={},
    address        ={},
    school        ={},
    series        ={},
    type        ={},
    volume        ={},
    year        ={2007},
    URL            ={},
    URLDate        ={},
  }

  %Nationaler oder internationaler Standard
  @misc{ISO98,
    key          ={},
    author        ={{International Standards Office}},
    title        ={ISO 690 -- Information and documentation: Bibliographical references: Electronic documents},
    booktitle      ={},
    chapter        ={},
    edition        ={},
    editor        ={},
    howpublished    ={},
    institution      ={},
    journal        ={},
    medium        ={},
    month        ={},
    note        ={},
    number        ={},
    organization    ={},
    pages        ={},
    publisher      ={},
    address        ={Genf: International Standards Office},
    school        ={},
    series        ={},
    type        ={},
    volume        ={},
    year        ={1998},
    URL            ={},
    URLDate        ={},
  }

  %Internetseite
  @website{SIE11,
    key          ={},
    author        ={{Siemens Automation Technology}},
    title        ={SIMATIC},
    booktitle      ={},
    chapter        ={},
    edition        ={},
    editor        ={},
    howpublished    ={},
    institution      ={},
    journal        ={},
    medium        ={Online},
    month        ={},
    note        ={},
    number        ={},
    organization    ={},
    pages        ={},
    publisher      ={},
    address        ={},
    school        ={},
    series        ={},
    type        ={},
    volume        ={},
    year        ={2011},
    URL            ={http://www.automation.siemens.com/mcms/topics/de/simatic/Seiten/Default.aspx},
    URLDate        ={6.7.2011},
  }

  @misc{SIE14,
    key          ={},
    author        ={{Siemens Automation Technology}},
    title        ={SIMATIC},
    booktitle      ={},
    chapter        ={},
    edition        ={},
    editor        ={},
    howpublished    ={},
    institution      ={},
    journal        ={},
    medium        ={},
    month        ={},
    note        ={{\lbrack}Online{\rbrack} Verfügbar unter: <\url{http://www.automation.siemens.com/mcms/topics/de/simatic/Seiten/Default.aspx}> {\lbrack}Zugang am 17.10.2014{\rbrack}},
    number        ={},
    organization    ={},
    pages        ={},
    publisher      ={},
    address        ={},
    school        ={},
    series        ={},
    type        ={},
    volume        ={},
    year        ={2014},
    URL            ={},
    URLDate        ={},
  }
}


